@ARTICLE{author1,
 author = {John Frederik Camelot Smith and Jason Bourne},
 title = {{The Pain of Having a Foolish Name}},
 journal = {Journal of Modern Fiction},
 year = {2009},
 volume = {52},
 pages = {114},
 number = {1},
 issn = {0010-4620},
 publisher = {Grendel Publishing}
}
